<record><leader>00000cas a22000007a 4500</leader><controlfield tag="001">14170145</controlfield><controlfield tag="008">860902c19619999nvudn ne      0    0eng d</controlfield><datafield ind1=" " ind2=" " tag="010"><subfield code="a">sn 86076370 </subfield></datafield><datafield ind1=" " ind2=" " tag="040"><subfield code="a">NNX</subfield><subfield code="b">eng</subfield><subfield code="c">NNX</subfield><subfield code="d">OCLCQ</subfield></datafield><datafield ind1=" " ind2=" " tag="042"><subfield code="a">msc</subfield></datafield><datafield ind1="0" ind2=" " tag="130"><subfield code="a">Ely daily times (1961)</subfield></datafield><datafield ind1="1" ind2="0" tag="245"><subfield code="a">Ely daily times.</subfield></datafield><datafield ind1=" " ind2=" " tag="260"><subfield code="a">Ely, Nev. :</subfield><subfield code="b">[s.n.],</subfield><subfield code="c">1961-</subfield></datafield><datafield ind1=" " ind2=" " tag="300"><subfield code="a">v. :</subfield><subfield code="b">ill.</subfield></datafield><datafield ind1=" " ind2=" " tag="310"><subfield code="a">Daily (except Sat., Sun., and holidays)</subfield></datafield><datafield ind1="0" ind2=" " tag="362"><subfield code="a">Vol. 41, no. 347 (July 17, 1961)-</subfield></datafield><datafield ind1=" " ind2=" " tag="752"><subfield code="a">United States</subfield><subfield code="b">Nevada</subfield><subfield code="c">White Pine</subfield><subfield code="d">Ely.</subfield></datafield><datafield ind1="0" ind2="0" tag="780"><subfield code="t">Daily times (Ely, Nev.)</subfield><subfield code="w">(DLC)sn 86076369</subfield><subfield code="w">(OCoLC)14170068</subfield></datafield></record>